<record><leader>00000cas a2200000 a 4500</leader><controlfield tag="001">761340000</controlfield><controlfield tag="006">m     o  d        </controlfield><controlfield tag="007">cr |n|||||||||</controlfield><controlfield tag="008">961010d190u1944okuwr neo     0   a0eng  </controlfield><datafield ind1=" " ind2=" " tag="010"><subfield code="a">  2012203855</subfield></datafield><datafield ind1=" " ind2=" " tag="040"><subfield code="a">Nz</subfield><subfield code="b">eng</subfield><subfield code="c">Z5A</subfield><subfield code="d">OCLCO</subfield><subfield code="d">DLC</subfield><subfield code="d">OCLCQ</subfield><subfield code="d">OCLCA</subfield><subfield code="d">OCLCF</subfield><subfield code="d">OCLCQ</subfield></datafield><datafield ind1="0" ind2=" " tag="022"><subfield code="a">2169-5229</subfield><subfield code="y">2163-8012</subfield><subfield code="2">1</subfield></datafield><datafield ind1=" " ind2=" " tag="042"><subfield code="a">pcc</subfield><subfield code="a">nsdp</subfield></datafield><datafield ind1=" " ind2=" " tag="043"><subfield code="a">n-us-ok</subfield></datafield><datafield ind1="1" ind2="0" tag="050"><subfield code="a">ISSN RECORD</subfield></datafield><datafield ind1="1" ind2="0" tag="082"><subfield code="a">070</subfield><subfield code="2">14</subfield></datafield><datafield ind1="0" ind2=" " tag="130"><subfield code="a">Durant weekly news (Durant, Okla. : 1904 : Online)</subfield></datafield><datafield ind1=" " ind2="0" tag="222"><subfield code="a">Durant weekly news</subfield><subfield code="b">(Durant, Okla. 1904. Online)</subfield></datafield><datafield ind1="1" ind2="0" tag="245"><subfield code="a">Durant weekly news.</subfield></datafield><datafield ind1=" " ind2=" " tag="260"><subfield code="a">Durant, Choctaw Nation, Indian Territory [Okla.] :</subfield><subfield code="b">Lewis Paullin</subfield></datafield><datafield ind1=" " ind2=" " tag="310"><subfield code="a">Weekly</subfield></datafield><datafield ind1=" " ind2=" " tag="336"><subfield code="a">text</subfield><subfield code="b">txt</subfield><subfield code="2">rdacontent</subfield></datafield><datafield ind1=" " ind2=" " tag="337"><subfield code="a">computer</subfield><subfield code="b">c</subfield><subfield code="2">rdamedia</subfield></datafield><datafield ind1=" " ind2=" " tag="338"><subfield code="a">online resource</subfield><subfield code="b">cr</subfield><subfield code="2">rdacarrier</subfield></datafield><datafield ind1="1" ind2=" " tag="362"><subfield code="a">Ceased with vol. 47, no. 43 (Oct. 27, 1944).</subfield></datafield><datafield ind1=" " ind2=" " tag="530"><subfield code="a">Also issued in print.</subfield></datafield><datafield ind1=" " ind2=" " tag="538"><subfield code="a">Mode of access: World Wide Web.</subfield></datafield><datafield ind1=" " ind2=" " tag="588"><subfield code="a">Description based on: Vol. 9, no. 24 (Aug. 12, 1904); title from caption (Chroniclingamerica.loc.gov, viewed Aug. 31, 2012).</subfield></datafield><datafield ind1=" " ind2=" " tag="588"><subfield code="a">Latest issue consulted: Vol. 25, no. 52 (Dec. 29, 1922) (viewed Aug. 31, 2012).</subfield></datafield><datafield ind1=" " ind2="0" tag="651"><subfield code="a">Durant (Okla.)</subfield><subfield code="v">Newspapers.</subfield></datafield><datafield ind1=" " ind2="0" tag="651"><subfield code="a">Bryan County (Okla.)</subfield><subfield code="v">Newspapers.</subfield></datafield><datafield ind1=" " ind2="0" tag="651"><subfield code="a">Choctaw Nation of Oklahoma</subfield><subfield code="v">Newspapers.</subfield></datafield><datafield ind1="2" ind2="7" tag="610"><subfield code="a">Choctaw Nation of Oklahoma.</subfield><subfield code="2">fast</subfield><subfield code="0">(OCoLC)fst00780938</subfield></datafield><datafield ind1=" " ind2="7" tag="651"><subfield code="a">Oklahoma</subfield><subfield code="z">Bryan County.</subfield><subfield code="2">fast</subfield><subfield code="0">(OCoLC)fst01203140</subfield></datafield><datafield ind1=" " ind2="7" tag="651"><subfield code="a">Oklahoma</subfield><subfield code="z">Durant.</subfield><subfield code="2">fast</subfield><subfield code="0">(OCoLC)fst01220336</subfield></datafield><datafield ind1=" " ind2="7" tag="655"><subfield code="a">Newspapers.</subfield><subfield code="2">fast</subfield><subfield code="0">(OCoLC)fst01423814</subfield></datafield><datafield ind1=" " ind2=" " tag="752"><subfield code="a">United States</subfield><subfield code="b">Oklahoma</subfield><subfield code="c">Bryan</subfield><subfield code="d">Durant.</subfield></datafield><datafield ind1="0" ind2=" " tag="775"><subfield code="t">Durant daily news</subfield><subfield code="w">(DLC)sn 96093064</subfield><subfield code="w">(OCoLC)35710042</subfield></datafield><datafield ind1="1" ind2=" " tag="776"><subfield code="t">Durant weekly news (Durant, Okla. : 1904)</subfield><subfield code="x">2163-8012</subfield><subfield code="w">(DLC)sn 96093062</subfield><subfield code="w">(OCoLC)35709904</subfield></datafield><datafield ind1="0" ind2="0" tag="780"><subfield code="t">Times-eagle</subfield></datafield><datafield ind1="0" ind2="7" tag="785"><subfield code="t">Southeastern Oklahoma citizen and the Bryan County democrat</subfield></datafield><datafield ind1="0" ind2="7" tag="785"><subfield code="t">Durant weekly news and Bryan County democrat (Durant, Okla. : 1944)</subfield></datafield><datafield ind1="4" ind2="0" tag="856"><subfield code="u">http://YU7RZ9HN8Y.search.serialssolutions.com/?V=1.0&amp;L=YU7RZ9HN8Y&amp;S=JCs&amp;C=TC0000456111&amp;T=marc</subfield></datafield><datafield ind1="4" ind2="0" tag="856"><subfield code="u">http://www.loc.gov/chroniclingamerica/lccn/sn96093062/issues</subfield></datafield><datafield ind1="0" ind2=" " tag="029"><subfield code="a">NZ1</subfield><subfield code="b">13924795</subfield></datafield><datafield ind1="1" ind2=" " tag="029"><subfield code="a">NZ1</subfield><subfield code="b">16244869</subfield></datafield></record>